@book{Goodfellow-et-al-2016,
    title={Deep Learning},
    author={Ian Goodfellow and Yoshua Bengio and Aaron Courville},
    publisher={MIT Press},
    note={\url{http://www.deeplearningbook.org}},
    year={2016}
}
@inproceedings{larochelle2008,
author = {Larochelle, Hugo and Bengio, Y},
year = {2008},
month = {01},
pages = {536-543},
title = {Classification using discriminative restricted Boltzmann machines},
journal = {Proceedings of the 25th International Conference on Machine Learning},
doi = {10.1145/1390156.1390224}
}
@inproceedings{Palatucci:2009:ZLS:2984093.2984252,
 author = {Palatucci, Mark and Pomerleau, Dean and Hinton, Geoffrey and Mitchell, Tom M.},
 title = {Zero-shot Learning with Semantic Output Codes},
 booktitle = {Proceedings of the 22Nd International Conference on Neural Information Processing Systems},
 series = {NIPS'09},
 year = {2009},
 isbn = {978-1-61567-911-9},
 location = {Vancouver, British Columbia, Canada},
 pages = {1410--1418},
 numpages = {9},
 url = {http://dl.acm.org/citation.cfm?id=2984093.2984252},
 acmid = {2984252},
 publisher = {Curran Associates Inc.},
 address = {USA},
}
@misc{socher2013zeroshot,
    title={Zero-Shot Learning Through Cross-Modal Transfer},
    author={Richard Socher and Milind Ganjoo and Hamsa Sridhar and Osbert Bastani and Christopher D. Manning and Andrew Y. Ng},
    year={2013},
    eprint={1301.3666},
    archivePrefix={arXiv},
    primaryClass={cs.CV}
}
@InProceedings{Lee_2018_CVPR,
author = {Lee, Kuang-Huei and He, Xiaodong and Zhang, Lei and Yang, Linjun},
title = {CleanNet: Transfer Learning for Scalable Image Classifier Training With Label Noise},
booktitle = {The IEEE Conference on Computer Vision and Pattern Recognition (CVPR)},
month = {June},
year = {2018}
}
@misc{tian2018deep,
    title={Deep Learning for Image Denoising: A Survey},
    author={Chunwei Tian and Yong Xu and Lunke Fei and Ke Yan},
    year={2018},
    eprint={1810.05052},
    archivePrefix={arXiv},
    primaryClass={cs.CV}
}
@article{DBLP:journals/corr/abs-1803-04477,
  author    = {Subarna Tripathi and
               Zachary C. Lipton and
               Truong Q. Nguyen},
  title     = {Correction by Projection: Denoising Images with Generative Adversarial
               Networks},
  journal   = {CoRR},
  volume    = {abs/1803.04477},
  year      = {2018},
  url       = {http://arxiv.org/abs/1803.04477},
  archivePrefix = {arXiv},
  eprint    = {1803.04477},
  timestamp = {Mon, 13 Aug 2018 16:48:01 +0200},
  biburl    = {https://dblp.org/rec/bib/journals/corr/abs-1803-04477},
  bibsource = {dblp computer science bibliography, https://dblp.org}
}
@article{DBLP:journals/corr/SimonyanZ14a,
  author    = {Karen Simonyan and
               Andrew Zisserman},
  title     = {Very Deep Convolutional Networks for Large-Scale Image Recognition},
  journal   = {CoRR},
  volume    = {abs/1409.1556},
  year      = {2014},
  url       = {http://arxiv.org/abs/1409.1556},
  archivePrefix = {arXiv},
  eprint    = {1409.1556},
  timestamp = {Mon, 13 Aug 2018 16:46:51 +0200},
  biburl    = {https://dblp.org/rec/bib/journals/corr/SimonyanZ14a},
  bibsource = {dblp computer science bibliography, https://dblp.org}
}
@article{DBLP:journals/corr/abs-1711-07807,
  author    = {Stamatios Lefkimmiatis},
  title     = {Universal Denoising Networks : {A} Novel CNN-based Network Architecture
               for Image Denoising},
  journal   = {CoRR},
  volume    = {abs/1711.07807},
  year      = {2017},
  url       = {http://arxiv.org/abs/1711.07807},
  archivePrefix = {arXiv},
  eprint    = {1711.07807},
  timestamp = {Mon, 13 Aug 2018 16:46:42 +0200},
  biburl    = {https://dblp.org/rec/bib/journals/corr/abs-1711-07807},
  bibsource = {dblp computer science bibliography, https://dblp.org}
}

@article{anaya2014renoir,
  title={RENOIR-A Dataset for Real Low-Light Image Noise Reduction},
  author={Anaya, Josue and Barbu, Adrian},
  journal={arXiv preprint arXiv:1409.8230},
  year={2014}
}

@article{remez2017deep,
  title={Deep convolutional denoising of low-light images},
  author={Remez, Tal and Litany, Or and Giryes, Raja and Bronstein, Alex M},
  journal={arXiv preprint arXiv:1701.01687},
  year={2017}
}

@article{chen2018learning,
  title={Learning to See in the Dark},
  author={Chen, Chen and Chen, Qifeng and Xu, Jia and Koltun, Vladlen},
  journal={arXiv preprint arXiv:1805.01934},
  year={2018}
}
