@book{Goodfellow-et-al-2016,
    title={Deep Learning},
    author={Ian Goodfellow and Yoshua Bengio and Aaron Courville},
    publisher={MIT Press},
    note={\url{http://www.deeplearningbook.org}},
    year={2016}
}
@inproceedings{larochelle2008,
author = {Larochelle, Hugo and Bengio, Y},
year = {2008},
month = {01},
pages = {536-543},
title = {Classification using discriminative restricted Boltzmann machines},
journal = {Proceedings of the 25th International Conference on Machine Learning},
doi = {10.1145/1390156.1390224}
}
@inproceedings{Palatucci:2009:ZLS:2984093.2984252,
 author = {Palatucci, Mark and Pomerleau, Dean and Hinton, Geoffrey and Mitchell, Tom M.},
 title = {Zero-shot Learning with Semantic Output Codes},
 booktitle = {Proceedings of the 22Nd International Conference on Neural Information Processing Systems},
 series = {NIPS'09},
 year = {2009},
 isbn = {978-1-61567-911-9},
 location = {Vancouver, British Columbia, Canada},
 pages = {1410--1418},
 numpages = {9},
 url = {http://dl.acm.org/citation.cfm?id=2984093.2984252},
 acmid = {2984252},
 publisher = {Curran Associates Inc.},
 address = {USA},
}
@misc{socher2013zeroshot,
    title={Zero-Shot Learning Through Cross-Modal Transfer},
    author={Richard Socher and Milind Ganjoo and Hamsa Sridhar and Osbert Bastani and Christopher D. Manning and Andrew Y. Ng},
    year={2013},
    eprint={1301.3666},
    archivePrefix={arXiv},
    primaryClass={cs.CV}
}
@InProceedings{Lee_2018_CVPR,
author = {Lee, Kuang-Huei and He, Xiaodong and Zhang, Lei and Yang, Linjun},
title = {CleanNet: Transfer Learning for Scalable Image Classifier Training With Label Noise},
booktitle = {The IEEE Conference on Computer Vision and Pattern Recognition (CVPR)},
month = {June},
year = {2018}
}